% This file was created with JabRef 2.7b.
% Encoding: UTF-8

@BOOK{Araki1999,
  title = {Mathematical theory of quantum fields},
  publisher = {Oxford University Press},
  year = {1999},
  author = {Araki, Huzihiro},
  volume = {101},
  url = {http://ukcatalogue.oup.com/product/9780198517733.do}
}

@ARTICLE{Particles2012,
  author = {Beringer, J. and Arguin, J. -F. and Barnett, R. M. and Copic, K.
	and Dahl, O. and Groom, D. E. and Lin, C. -J. and Lys, J. and Murayama,
	H. and Wohl, C. G. and Yao, W. -M. and Zyla, P. A. and Amsler, C.
	and Antonelli, M. and Asner, D. M. and Baer, H. and Band, H. R. and
	Basaglia, T. and Bauer, C. W. and Beatty, J. J. and Belousov, V.
	I. and Bergren, E. and Bernardi, G. and Bertl, W. and Bethke, S.
	and Bichsel, H. and Biebel, O. and Blucher, E. and Blusk, S. and
	Brooijmans, G. and Buchmueller, O. and Cahn, R. N. and Carena, M.
	and Ceccucci, A. and Chakraborty, D. and Chen, M. -C. and Chivukula,
	R. S. and Cowan, G. and D'Ambrosio, G. and Damour, T. and de Florian,
	D. and de Gouv\^ea, A. and DeGrand, T. and de Jong, P. and Dissertori,
	G. and Dobrescu, B. and Doser, M. and Drees, M. and Edwards, D. A.
	and Eidelman, S. and Erler, J. and Ezhela, V. V. and Fetscher, W.
	and Fields, B. D. and Foster, B. and Gaisser, T. K. and Garren, L.
	and Gerber, H. -J. and Gerbier, G. and Gherghetta, T. and Golwala,
	S. and Goodman, M. and Grab, C. and Gritsan, A. V. and Grivaz, J.
	-F. and Gr\"unewald, M. and Gurtu, A. and Gutsche, T. and Haber,
	H. E. and Hagiwara, K. and Hagmann, C. and Hanhart, C. and Hashimoto,
	S. and Hayes, K. G. and Heffner, M. and Heltsley, B. and Hern\'andez-Rey,
	J. J. and Hikasa, K. and H\"ocker, A. and Holder, J. and Holtkamp,
	A. and Huston, J. and Jackson, J. D. and Johnson, K. F. and Junk,
	T. and Karlen, D. and Kirkby, D. and Klein, S. R. and Klempt, E.
	and Kowalewski, R. V. and Krauss, F. and Kreps, M. and Krusche, B.
	and Kuyanov, Yu. V. and Kwon, Y. and Lahav, O. and Laiho, J. and
	Langacker, P. and Liddle, A. and Ligeti, Z. and Liss, T. M. and Littenberg,
	L. and Lugovsky, K. S. and Lugovsky, S. B. and Mannel, T. and Manohar,
	A. V. and Marciano, W. J. and Martin, A. D. and Masoni, A. and Matthews,
	J. and Milstead, D. and Miquel, R. and M\"onig, K. and Moortgat,
	F. and Nakamura, K. and Narain, M. and Nason, P. and Navas, S. and
	Neubert, M. and Nevski, P. and Nir, Y. and Olive, K. A. and Pape,
	L. and Parsons, J. and Patrignani, C. and Peacock, J. A. and Petcov,
	S. T. and Piepke, A. and Pomarol, A. and Punzi, G. and Quadt, A.
	and Raby, S. and Raffelt, G. and Ratcliff, B. N. and Richardson,
	P. and Roesler, S. and Rolli, S. and Romaniouk, A. and Rosenberg,
	L. J. and Rosner, J. L. and Sachrajda, C. T. and Sakai, Y. and Salam,
	G. P. and Sarkar, S. and Sauli, F. and Schneider, O. and Scholberg,
	K. and Scott, D. and Seligman, W. G. and Shaevitz, M. H. and Sharpe,
	S. R. and Silari, M. and Sj\"ostrand, T. and Skands, P. and Smith,
	J. G. and Smoot, G. F. and Spanier, S. and Spieler, H. and Stahl,
	A. and Stanev, T. and Stone, S. L. and Sumiyoshi, T. and Syphers,
	M. J. and Takahashi, F. and Tanabashi, M. and Terning, J. and Titov,
	M. and Tkachenko, N. P. and T\"ornqvist, N. A. and Tovey, D. and
	Valencia, G. and van Bibber, K. and Venanzoni, G. and Vincter, M.
	G. and Vogel, P. and Vogt, A. and Walkowiak, W. and Walter, C. W.
	and Ward, D. R. and Watari, T. and Weiglein, G. and Weinberg, E.
	J. and Wiencke, L. R. and Wolfenstein, L. and Womersley, J. and Woody,
	C. L. and Workman, R. L. and Yamamoto, A. and Zeller, G. P. and Zenin,
	O. V. and Zhang, J. and Zhu, R. -Y. and Harper, G. and Lugovsky,
	V. S. and Schaffner, P.},
  title = {Review of Particle Physics},
  journal = {Phys. Rev. D},
  year = {2012},
  volume = {86},
  pages = {010001},
  month = {Jul},
  collaboration = {Particle Data Group},
  doi = {10.1103/PhysRevD.86.010001},
  issue = {1},
  numpages = {1528},
  publisher = {American Physical Society},
  url = {http://link.aps.org/doi/10.1103/PhysRevD.86.010001}
}

@ARTICLE{Binz2004,
  author = {Binz, Ernst and Honegger, Reinhard and Rieckers, Alfred},
  title = {Field-theoretic Weyl Quantization as a Strict and Continuous Deformation
	Quantization},
  journal = {Annales Henri Poincaré},
  year = {2004},
  volume = {5},
  pages = {327-346},
  number = {2},
  doi = {10.1007/s00023-004-0171-y},
  issn = {1424-0637},
  language = {English},
  publisher = {Birkhäuser-Verlag},
  url = {http://dx.doi.org/10.1007/s00023-004-0171-y}
}

@ARTICLE{Bollini1996,
  author = {Bollini, C. G. and Giambiagi, J. J.},
  title = {Dimensional regularization in configuration space},
  journal = {Phys. Rev. D},
  year = {1996},
  volume = {53},
  pages = {5761-5764},
  month = {May},
  doi = {10.1103/PhysRevD.53.5761},
  issue = {10},
  publisher = {American Physical Society},
  url = {http://link.aps.org/doi/10.1103/PhysRevD.53.5761}
}

@INCOLLECTION{BF2009,
  author = {Brunetti, Romeo and Fredenhagen, Klaus},
  title = {Quantum field theory on curved backgrounds},
  booktitle = {Quantum field theory on curved spacetimes},
  publisher = {Springer},
  year = {2009},
  pages = {129--155},
  url = {http://link.springer.com/chapter/10.1007%2F978-3-642-02780-2_5}
}

@ARTICLE{BF2000,
  author = {Brunetti, Romeo and Fredenhagen, Klaus},
  title = {Microlocal Analysis and Interacting Quantum Field Theories Renormalization
	on Physical Backgrounds},
  journal = {Communications in Mathematical Physics},
  year = {2000},
  volume = {208},
  pages = {623-661},
  number = {3},
  publisher = {Springer},
  url = {http://link.springer.com/article/10.1007/s002200050004#page-1}
}

@ARTICLE{BFK1996,
  author = {Brunetti, Romeo and Fredenhagen, Klaus and Köhler, Manfred},
  title = {The microlocal spectrum condition and Wick polynomials of free fields
	on curved spacetimes},
  journal = {Communications in Mathematical Physics},
  year = {1996},
  volume = {180},
  pages = {633--652},
  number = {3},
  publisher = {Springer},
  url = {http://link.springer.com/article/10.1007/BF02099626}
}

@ARTICLE{BFV2003,
  author = {Brunetti, Romeo and Fredenhagen, Klaus and Verch, Rainer},
  title = {The generally covariant locality principle-a new paradigm for local
	quantum field theory},
  journal = {Communications in Mathematical Physics},
  year = {2003},
  volume = {237},
  pages = {31-68},
  number = {1-2},
  publisher = {Springer},
  url = {http://link.springer.com/article/10.1007/s00220-003-0815-7}
}

@BOOK{Friedlander1999,
  title = {Introduction to the Theory of Distributions},
  publisher = {Cambridge University Press},
  year = {1999},
  author = {Friedlander, F. G. and Joshi, M.},
  language = {English},
  url = {http://www.cambridge.org/us/academic/subjects/mathematics/abstract-analysis/introduction-theory-distributions-2nd-edition}
}

@PHDTHESIS{ThomasPhD2010,
  author = {Hack, Thomas-Paul},
  title = {On the Backreaction of Scalar and Spinor Quantum Fields in Curved
	Spacetimes-From the Basic Foundations to Cosmological Applications},
  year = {2010},
  journal = {arXiv preprint arXiv:1008.1776},
  url = {http://arxiv.org/abs/1008.1776}
}

@ARTICLE{Hollands2001,
  author = {Hollands, Stefan and Wald, Robert M},
  title = {Local Wick Polynomials and Time Ordered Products of Quantum Fields
	in Curved Spacetime},
  journal = {Communications in Mathematical Physics},
  year = {2001},
  volume = {223},
  pages = {289--326},
  number = {2},
  publisher = {Springer},
  url = {http://link.springer.com/article/10.1007/s002200100540}
}

@ARTICLE{Hooft1972,
  author = {'t Hooft, Gerard and Veltman, M},
  title = {Regularization and renormalization of gauge fields},
  journal = {Nuclear Physics B},
  year = {1972},
  volume = {44},
  pages = {189--213},
  number = {1},
  publisher = {Elsevier},
  url = {http://www.sciencedirect.com/science/article/pii/0550321372902799}
}

@BOOK{Hormander1990,
  title = {The Analysis of Linear Partial Differential Operators I},
  publisher = {Springer-Verlag},
  year = {1990},
  author = {Hörmander, Lars},
  volume = {I},
  language = {English},
  url = {http://www.springer.com/mathematics/analysis/book/978-3-540-00662-6}
}

@BOOK{ItzykZuber2012,
  title = {Quantum field theory},
  publisher = {DoverPublications. com},
  year = {1996},
  author = {Itzykson, Claude and Zuber, Jean Bernard},
  url = {http://store.doverpublications.com/0486445682.html}
}

@PHDTHESIS{Keller2010,
  author = {Keller, Kai Johannes},
  title = {Dimensional regularization in position space and a forest formula
	for regularized Epstein-Glaser renormalization},
  year = {2010},
  journal = {arXiv preprint arXiv:1006.2148},
  url = {http://arxiv.org/abs/1006.2148}
}

@BOOK{Yvette2005,
  title = {Groups and Symmetries, From Finite Groups to Lie Groups},
  publisher = {Springer},
  year = {2005},
  author = {Kosmann-Schwarzbach, Yvette},
  url = {http://www.springer.com/mathematics/algebra/book/978-0-387-78865-4}
}

@BOOK{Landi1997,
  title = {An introduction to noncommutative spaces and their geometries},
  publisher = {Springer Berlin},
  year = {1997},
  author = {Landi, Giovanni},
  volume = {51},
  url = {http://link.springer.com/book/10.1007%2F3-540-14949-X}
}

@UNPUBLISHED{Landsman1998,
  author = {Landsman, Nicolas P},
  title = {Lecture notes on $C^{\ast}$-algebras, Hilbert $C^{\ast}$-modules,
	and quantum mechanics},
  year = {1998},
  url = {http://arxiv.org/abs/math-ph/9807030v1}
}

@BOOK{Moretti2012,
  title = {Spectral Theory and Quantum Mechanics with an introduction to the
	Algebraic Formulation},
  publisher = {Springer-Verlag},
  year = {2012},
  author = {Moretti, Valter},
  url = {http://www.springer.com/mathematics/applications/book/978-88-470-2834-0}
}

@BOOK{Varada1984,
  title = {Lie Groups, Lie Algebras, and Their Representations},
  publisher = {Springer-Verlag},
  year = {1984},
  author = {Varadarajan, V. S},
  url = {http://link.springer.com/book/10.1007%2F978-1-4612-1126-6}
}

@ARTICLE{PVJCW2013,
  author = {Vitale, Patrizia and Wallet, Jean-Christophe},
  title = {Noncommutative field theories on $\mathbb{R}^{3}_{\lambda}$: towards
	UV/IR mixing freedom},
  journal = {Journal of High Energy Physics},
  year = {2013},
  volume = {2013},
  pages = {1-36},
  number = {4},
  publisher = {Springer},
  url = {http://link.springer.com/article/10.1007/JHEP04%282013%29115}
}

@BOOK{Wald2010,
  title = {General Relativity},
  publisher = {University of Chicago press},
  year = {1984},
  author = {Wald, Robert M.},
  url = {http://press.uchicago.edu/ucp/books/book/chicago/G/bo5952261.html}
}

@comment{jabref-meta: selector_publisher:}

@comment{jabref-meta: selector_author:}

@comment{jabref-meta: selector_journal:}

@comment{jabref-meta: selector_keywords:}

