% This file was created with JabRef 2.7b.
% Encoding: UTF-8

@ARTICLE{Binz2004,
  author = {Binz, Ernst and Honegger, Reinhard and Rieckers, Alfred},
  title = {Field-theoretic Weyl Quantization as a Strict and Continuous Deformation
	Quantization},
  journal = {Annales Henri Poincaré},
  year = {2004},
  volume = {5},
  pages = {327-346},
  number = {2},
  doi = {10.1007/s00023-004-0171-y},
  issn = {1424-0637},
  language = {English},
  publisher = {Birkhäuser-Verlag},
  url = {http://dx.doi.org/10.1007/s00023-004-0171-y}
}

@BOOK{Kosmann-Schwarzbach2005,
  title = {Groups and Symmetries, From Finite Groups to Lie Groups},
  publisher = {Springer},
  year = {2005},
  author = {Kosmann-Schwarzbach, Yvette},
  url = {http://www.springer.com/mathematics/algebra/book/978-0-387-78865-4}
}

@UNPUBLISHED{Landsman1998,
  author = {N.P. Landsman},
  title = {Lecture notes on $C^{\ast}$-algebras, Hilbert $C^{\ast}$-modules,
	and quantum mechanics},
  year = {1998},
  citeseerurl = {http://arxiv.org/abs/math-ph/9807030v1},
  url = {http://arxiv.org/abs/math-ph/9807030v1}
}

@BOOK{Moretti2012,
  title = {Spectral Theory and Quantum Mechanics with an introduction to the
	Algebraic Formulation},
  publisher = {Springer-Verlag},
  year = {2012},
  author = {Moretti, Valter},
  url = {http://www.springer.com/mathematics/applications/book/978-88-470-2834-0}
}

@BOOK{Varadarajan1984,
  title = {Lie Groups, Lie Algebras, and Their Representations},
  publisher = {Springer-Verlag},
  year = {1984},
  author = {Varadarajan, V. S},
  url = {http://link.springer.com/book/10.1007%2F978-1-4612-1126-6}
}

@ARTICLE{vitale2012noncommutative,
  author = {Vitale, P. and Wallet, J.C.},
  title = {Noncommutative field theories on $\mathbb{R}^{3}_{\lambda}$:Toward
	UV/IR mixing freedom},
  journal = {arXiv preprint arXiv:1212.5131},
  year = {2012},
  url = {http://arxiv.org/abs/1212.5131}
}

@ARTICLE{wallet2011connes,
  author = {Wallet, J.C.},
  title = {Connes distance by examples: Homothetic spectral metric spaces},
  journal = {Reviews in Mathematical Physics},
  year = {2011},
  volume = {24},
  pages = {1250027},
  url = {http://arxiv.org/abs/1112.3285}
}

@MISC{weisAlgebra,
  author = {Weisstein, Eric W.},
  title = {Algebra. From MathWorld - A Wolfram Web Resource},
  citeseerurl = {http://mathworld.wolfram.com/Algebra.html},
  url = {\url{http://mathworld.wolfram.com/Algebra.html}}
}

@MISC{weisBijective,
  author = {Weisstein, Eric W.},
  title = {Bijective. From MathWorld - A Wolfram Web Resource},
  url = {\url{http://mathworld.wolfram.com/Bijective.html}}
}

@MISC{weisBorelMeasure,
  author = {Weisstein, Eric W.},
  title = {Borel Measure. From MathWorld - A Wolfram Web Resource},
  url = {\url{http://mathworld.wolfram.com/BorelMeasure.html}}
}

@MISC{weisCauchySequence,
  author = {Weisstein, Eric W.},
  title = {CauchySequence. From MathWorld - A Wolfram Web Resource},
  url = {\url{http://mathworld.wolfram.com/CauchySequence.html .html}}
}

@MISC{weisClosedMap,
  author = {Weisstein, Eric W.},
  title = {Closed Map. From MathWorld - A Wolfram Web Resource},
  url = {\url{http://mathworld.wolfram.com/ClosedMap.html }}
}

@MISC{weisCompactSet,
  author = {Weisstein, Eric W.},
  title = {Compact Set. From MathWorld - A Wolfram Web Resource},
  url = {\url{http://mathworld.wolfram.com/CompactSet.html}}
}

@MISC{weisGroup,
  author = {Weisstein, Eric W.},
  title = {Group. From MathWorld - A Wolfram Web Resource},
  url = {http://mathworld.wolfram.com/Group.html}
}

@MISC{weisHausdorffspace,
  author = {Weisstein, Eric W.},
  title = {T2-Space. From MathWorld - A Wolfram Web Resource},
  url = {\url{mathworld.wolfram.com/T2-Space.html}}
}

@MISC{weisHomomorphism,
  author = {Weisstein, Eric W.},
  title = {Homomorphism. From MathWorld - A Wolfram Web Resource},
  url = {\url{http://mathworld.wolfram.com/Homomorphism.html}}
}

@MISC{weisIsomorphism,
  author = {Weisstein, Eric W.},
  title = {Isomorphism. From MathWorld - A Wolfram Web Resource},
  url = {\url{http://mathworld.wolfram.com/Isomorphism.html}}
}

@MISC{weisLebesguesDominatedConvergenceTheorem,
  author = {Weisstein, Eric W.},
  title = {Lebesgues Dominated Convergence Theorem. From MathWorld - A Wolfram
	Web Resource},
  url = {\url{http://mathworld.wolfram.com/LebesguesDominatedConvergenceTheorem.html}}
}

@MISC{weisPowerSet,
  author = {Weisstein, Eric W.},
  title = {Power Set. From MathWorld - A Wolfram Web Resource},
  url = {\url{http://mathworld.wolfram.com/PowerSet.html}}
}

@MISC{weisRealVectorSpace,
  author = {Weisstein, Eric W.},
  title = {Real Vector Space. From MathWorld - A Wolfram Web Resource},
  url = {\url{http://mathworld.wolfram.com/RealVectorSpace.html}}
}

@MISC{weisSeparableSpace,
  author = {Weisstein, Eric W.},
  title = {Separable Space. From MathWorld - A Wolfram Web Resource},
  url = {\url{http://mathworld.wolfram.com/SeparableSpace.html}}
}

@MISC{weisSymplecticForm,
  author = {Weisstein, Eric W.},
  title = {Symplectic Form. From MathWorld - A Wolfram Web Resource},
  url = {\url{http://mathworld.wolfram.com/SymplecticForm.html}}
}

@MISC{weisSymplecticSpace,
  author = {Weisstein, Eric W.},
  title = {Symplectic Space. From MathWorld - A Wolfram Web Resource},
  url = {\url{http://mathworld.wolfram.com/SymplecticSpace.html}}
}

@MISC{weisTopologicalSpace,
  author = {Weisstein, Eric W.},
  title = {Topological Space. From MathWorld - A Wolfram Web Resource},
  url = {\url{http://mathworld.wolfram.com/TopologicalSpace.html}}
}

@MISC{weisTopology,
  author = {Weisstein, Eric W.},
  title = {Topology. From MathWorld - A Wolfram Web Resource},
  url = {http://mathworld.wolfram.com/Topology.html}
}

@MISC{weisVectorSpaceSpan,
  author = {Weisstein, Eric W.},
  title = {Vector Space Span. From MathWorld - A Wolfram Web Resource},
  url = {\url{http://mathworld.wolfram.com/VectorSpaceSpan.html}}
}

@comment{jabref-meta: selector_publisher:}

@comment{jabref-meta: selector_author:}

@comment{jabref-meta: selector_journal:}

@comment{jabref-meta: selector_keywords:}

